<?xml version="1.0" encoding="UTF-8"?><collection xmlns="http://www.loc.gov/MARC21/slim"><record><leader>00479nam--2200181-i-4500</leader><controlfield tag="001">000042316</controlfield><controlfield tag="002">20161230</controlfield><controlfield tag="005">20161230201043</controlfield><controlfield tag="008">060222s1000------------r-----000-0-fre-d</controlfield><datafield ind1=" " ind2=" " tag="040"><subfield code="a">IFIN-HH</subfield></datafield><datafield ind1=" " ind2=" " tag="041"><subfield code="a">fre</subfield></datafield><datafield ind1=" " ind2=" " tag="080"><subfield code="a">523.45-87(043)</subfield></datafield><datafield ind1="1" ind2=" " tag="100"><subfield code="a">Souillart,M</subfield></datafield><datafield ind1="1" ind2="0" tag="245"><subfield code="a">Essai sur la theorie analytique des satellites de jupiter</subfield><subfield code="b">These</subfield><subfield code="c">M. souillart</subfield></datafield><datafield ind1=" " ind2=" " tag="260"><subfield code="a">Paris</subfield><subfield code="b">Gauthier-villars</subfield><subfield code="c">1865</subfield></datafield><datafield ind1=" " ind2=" " tag="300"><subfield code="a">91 P</subfield></datafield><datafield ind1=" " ind2=" " tag="852"><subfield code="a">47557</subfield><subfield code="c">523</subfield></datafield><datafield ind1=" " ind2=" " tag="CAT"><subfield code="a">Sys</subfield><subfield code="c">20141203</subfield><subfield code="h">140618</subfield></datafield></record></collection>